@String(IJCV = {Int. J. Comput. Vis.})
@String(CVPR= {IEEE Conf. Comput. Vis. Pattern Recog.})
@String(ICCV= {Int. Conf. Comput. Vis.})
@String(ECCV= {Eur. Conf. Comput. Vis.})
@String(NIPS= {Adv. Neural Inform. Process. Syst.})
@String(ICPR = {Int. Conf. Pattern Recog.})
@String(BMVC= {Brit. Mach. Vis. Conf.})
@String(TOG= {ACM Trans. Graph.})
@String(TIP  = {IEEE Trans. Image Process.})
@String(TVCG  = {IEEE Trans. Vis. Comput. Graph.})
@String(TMM  = {IEEE Trans. Multimedia})
@String(ACMMM= {ACM Int. Conf. Multimedia})
@String(ICME = {Int. Conf. Multimedia and Expo})
@String(ICASSP=	{ICASSP})
@String(ICIP = {IEEE Int. Conf. Image Process.})
@String(ACCV  = {ACCV})
@String(ICLR = {Int. Conf. Learn. Represent.})
@String(IJCAI = {IJCAI})
@String(PR   = {Pattern Recognition})
@String(AAAI = {AAAI})
@String(CVPRW= {IEEE Conf. Comput. Vis. Pattern Recog. Worksh.})
@String(CSVT = {IEEE Trans. Circuit Syst. Video Technol.})

@String(SPL	= {IEEE Sign. Process. Letters})
@String(VR   = {Vis. Res.})
@String(JOV	 = {J. Vis.})
@String(TVC  = {The Vis. Comput.})
@String(JCST  = {J. Comput. Sci. Tech.})
@String(CGF  = {Comput. Graph. Forum})
@String(CVM = {Computational Visual Media})


@String(PAMI  = {IEEE TPAMI})
@String(IJCV  = {IJCV})
@String(CVPR  = {CVPR})
@String(ICCV  = {ICCV})
@String(ECCV  = {ECCV})
@String(NIPS  = {NeurIPS})
@String(ICPR  = {ICPR})
@String(BMVC  =	{BMVC})
@String(TOG   = {ACM TOG})
@String(TIP   = {IEEE TIP})
@String(TVCG  = {IEEE TVCG})
@String(TCSVT = {IEEE TCSVT})
@String(TMM   =	{IEEE TMM})
@String(ACMMM = {ACM MM})
@String(ICME  =	{ICME})
@String(ICASSP=	{ICASSP})
@String(ICIP  = {ICIP})
@String(ACCV  = {ACCV})
@String(ICLR  = {ICLR})
@String(IJCAI = {IJCAI})
@String(PR = {PR})
@String(AAAI = {AAAI})
@String(CVPRW= {CVPRW})
@String(CSVT = {IEEE TCSVT})


@misc{HealthyChina2030,
  author       = {{中共中央} and {国务院}},
  title        = {《“健康中国2030”规划纲要》},
  howpublished = {人民出版社},
  year         = {2016},
  address      = {北京},
  note         = {纸质版},
}
@misc{NewGenAIDevPlan,
  author       = {{国务院}},
  title        = {《新一代人工智能发展规划》},
  howpublished = {人民出版社},
  year         = {2017},
  address      = {北京},
  note         = {纸质版},
}
@article{唐仲平2018全切片图像扫描技术在临床病理诊断工作中的应用,
  title={全切片图像扫描技术在临床病理诊断工作中的应用},
  author={唐仲平 and 崔权哲 and 杨李波 and 包骥 and 赵春},
  journal={河北医科大学学报},
  volume={39},
  number={10},
  pages={5},
  year={2018},
}

@article{pinckaers2020streaming,
  title={Streaming convolutional neural networks for end-to-end learning with multi-megapixel images},
  author={Pinckaers, Hans and Van Ginneken, Bram and Litjens, Geert},
  journal={IEEE transactions on pattern analysis and machine intelligence},
  volume={44},
  number={3},
  pages={1581--1590},
  year={2020},
  publisher={IEEE}
}

@article{lu2021ai,
  title={AI-based pathology predicts origins for cancers of unknown primary},
  author={Lu, Ming Y and Chen, Tiffany Y and Williamson, Drew FK and Zhao, Melissa and Shady, Maha and Lipkova, Jana and Mahmood, Faisal},
  journal={Nature},
  volume={594},
  number={7861},
  pages={106--110},
  year={2021},
  publisher={Nature Publishing Group UK London}
}


@book{herrera2016multiple,
  title={Multiple instance learning},
  author={Herrera, Francisco and Ventura, Sebasti{\'a}n and Bello, Rafael and Cornelis, Chris and Zafra, Amelia and S{\'a}nchez-Tarrag{\'o}, D{\'a}nel and Vluymans, Sarah and Herrera, Francisco and Ventura, Sebasti{\'a}n and Bello, Rafael and others},
  year={2016},
  publisher={Springer}
}
@article{侯乃侨2024显微知著,
  title={显微知著: 人工智能在肾癌数字病理中的应用现状及挑战},
  author={侯乃侨 and 翟炜 and 郑军华},
  journal={中国癌症防治杂志},
  volume={16},
  number={2},
  pages={143--151},
  year={2024}
}
@article{cifci2023ai,
  title={AI in computational pathology of cancer: improving diagnostic workflows and clinical outcomes?},
  author={Cifci, Didem and Veldhuizen, Gregory P and Foersch, Sebastian and Kather, Jakob Nikolas},
  journal={Annual Review of Cancer Biology},
  volume={7},
  number={1},
  pages={57--71},
  year={2023},
  publisher={Annual Reviews}
}
@article{cui2021artificial,
  title={Artificial intelligence and computational pathology},
  author={Cui, Miao and Zhang, David Y},
  journal={Laboratory Investigation},
  volume={101},
  number={4},
  pages={412--422},
  year={2021},
  publisher={Elsevier}
}
@article{song2023artificial,
  title={Artificial intelligence for digital and computational pathology},
  author={Song, Andrew H and Jaume, Guillaume and Williamson, Drew FK and Lu, Ming Y and Vaidya, Anurag and Miller, Tiffany R and Mahmood, Faisal},
  journal={Nature Reviews Bioengineering},
  volume={1},
  number={12},
  pages={930--949},
  year={2023},
  publisher={Nature Publishing Group UK London}
}
@inproceedings{tang2023multiple,
  title={Multiple Instance Learning Framework with Masked Hard Instance Mining for Whole Slide Image Classification},
  author={Tang, Wenhao and Huang, Sheng and Zhang, Xiaoxian and Zhou, Fengtao and Zhang, Yi and Liu, Bo},
  booktitle={Proceedings of the IEEE/CVF International Conference on Computer Vision},
  pages={4078--4087},
  year={2023}
}
@article{amores2013multiple,
  title={Multiple instance classification: Review, taxonomy and comparative study},
  author={Amores, Jaume},
  journal={Artificial intelligence},
  volume={201},
  pages={81--105},
  year={2013},
  publisher={Elsevier}
}
@article{chen2013multi,
  title={Multi-instance multi-label image classification: A neural approach},
  author={Chen, Zenghai and Chi, Zheru and Fu, Hong and Feng, Dagan},
  journal={Neurocomputing},
  volume={99},
  pages={298--306},
  year={2013},
  publisher={Elsevier}
}
@article{wang2019weakly,
  title={Weakly supervised deep learning for whole slide lung cancer image analysis},
  author={Wang, Xi and Chen, Hao and Gan, Caixia and Lin, Huangjing and Dou, Qi and Tsougenis, Efstratios and Huang, Qitao and Cai, Muyan and Heng, Pheng-Ann},
  journal={IEEE transactions on cybernetics},
  volume={50},
  number={9},
  pages={3950--3962},
  year={2019},
  publisher={IEEE}
}
@article{lu2021data,
  title={Data-efficient and weakly supervised computational pathology on whole-slide images},
  author={Lu, Ming Y and Williamson, Drew FK and Chen, Tiffany Y and Chen, Richard J and Barbieri, Matteo and Mahmood, Faisal},
  journal={Nature biomedical engineering},
  volume={5},
  number={6},
  pages={555--570},
  year={2021},
  publisher={Nature Publishing Group UK London}
}
@inproceedings{he2016deep,
  title={Deep residual learning for image recognition},
  author={He, Kaiming and Zhang, Xiangyu and Ren, Shaoqing and Sun, Jian},
  booktitle={Proceedings of the IEEE conference on computer vision and pattern recognition},
  pages={770--778},
  year={2016}
}
@inproceedings{wang2021transpath,
  title={Transpath: Transformer-based self-supervised learning for histopathological image classification},
  author={Wang, Xiyue and Yang, Sen and Zhang, Jun and Wang, Minghui and Zhang, Jing and Huang, Junzhou and Yang, Wei and Han, Xiao},
  booktitle={International Conference on Medical Image Computing and Computer-Assisted Intervention--MICCAI 2021: 24th International Conference, Strasbourg, France, September 27--October 1, 2021, Proceedings, Part VIII 24},
  pages={186--195},
  year={2021},
  organization={Springer}
}
@article{huang2023visual,
  title={A visual--language foundation model for pathology image analysis using medical twitter},
  author={Huang, Zhi and Bianchi, Federico and Yuksekgonul, Mert and Montine, Thomas J and Zou, James},
  journal={Nature medicine},
  volume={29},
  number={9},
  pages={2307--2316},
  year={2023},
  publisher={Nature Publishing Group US New York}
}
@article{yang2024mambamil,
  title={Mambamil: Enhancing long sequence modeling with sequence reordering in computational pathology},
  author={Yang, Shu and Wang, Yihui and Chen, Hao},
  journal={arXiv preprint arXiv:2403.06800},
  year={2024}
}
@article{fang2024mammil,
  title={Mammil: Multiple instance learning for whole slide images with state space models},
  author={Fang, Zijie and Wang, Yifeng and Wang, Zhi and Zhang, Jian and Ji, Xiangyang and Zhang, Yongbing},
  journal={arXiv preprint arXiv:2403.05160},
  year={2024}
}
@inproceedings{fillioux2023structured,
  title={Structured state space models for multiple instance learning in digital pathology},
  author={Fillioux, Leo and Boyd, Joseph and Vakalopoulou, Maria and Courn{\`e}de, Paul-Henry and Christodoulidis, Stergios},
  booktitle={International Conference on Medical Image Computing and Computer-Assisted Intervention},
  pages={594--604},
  year={2023},
  organization={Springer}
}

@inproceedings{chen2020simple,
  title={A simple framework for contrastive learning of visual representations},
  author={Chen, Ting and Kornblith, Simon and Norouzi, Mohammad and Hinton, Geoffrey},
  booktitle={International conference on machine learning},
  pages={1597--1607},
  year={2020},
  organization={PmLR}
}

@inproceedings{he2020momentum,
  title={Momentum contrast for unsupervised visual representation learning},
  author={He, Kaiming and Fan, Haoqi and Wu, Yuxin and Xie, Saining and Girshick, Ross},
  booktitle={Proceedings of the IEEE/CVF conference on computer vision and pattern recognition},
  pages={9729--9738},
  year={2020}
}

@article{chen2020improved,
  title={Improved baselines with momentum contrastive learning},
  author={Chen, Xinlei and Fan, Haoqi and Girshick, Ross and He, Kaiming},
  journal={arXiv preprint arXiv:2003.04297},
  year={2020}
}

@article{chen2021incremental,
  title={Incremental false negative detection for contrastive learning},
  author={Chen, Tsai-Shien and Hung, Wei-Chih and Tseng, Hung-Yu and Chien, Shao-Yi and Yang, Ming-Hsuan},
  journal={arXiv preprint arXiv:2106.03719},
  year={2021}
}

@article{grill2020bootstrap,
  title={Bootstrap your own latent-a new approach to self-supervised learning},
  author={Grill, Jean-Bastien and Strub, Florian and Altch{\'e}, Florent and Tallec, Corentin and Richemond, Pierre and Buchatskaya, Elena and Doersch, Carl and Avila Pires, Bernardo and Guo, Zhaohan and Gheshlaghi Azar, Mohammad and others},
  journal={Advances in neural information processing systems},
  volume={33},
  number = {1},
  pages={21271--21284},
  year={2020}
}

@article{zhu2024vision,
  title={Vision mamba: Efficient visual representation learning with bidirectional state space model},
  author={Zhu, Lianghui and Liao, Bencheng and Zhang, Qian and Wang, Xinlong and Liu, Wenyu and Wang, Xinggang},
  journal={arXiv preprint arXiv:2401.09417},
  year={2024}
}
@article{han2024demystify,
  title={Demystify Mamba in Vision: A Linear Attention Perspective},
  author={Han, Dongchen and Wang, Ziyi and Xia, Zhuofan and Han, Yizeng and Pu, Yifan and Ge, Chunjiang and Song, Jun and Song, Shiji and Zheng, Bo and Huang, Gao},
  journal={arXiv preprint arXiv:2405.16605},
  year={2024}
}
@article{yue2024medmamba,
  title={Medmamba: Vision mamba for medical image classification},
  author={Yue, Yubiao and Li, Zhenzhang},
  journal={arXiv preprint arXiv:2403.03849},
  year={2024}
}
@article{huang2024localmamba,
  title={Localmamba: Visual state space model with windowed selective scan},
  author={Huang, Tao and Pei, Xiaohuan and You, Shan and Wang, Fei and Qian, Chen and Xu, Chang},
  journal={arXiv preprint arXiv:2403.09338},
  year={2024}
}
@article{chen2024video,
  title={Video mamba suite: State space model as a versatile alternative for video understanding},
  author={Chen, Guo and Huang, Yifei and Xu, Jilan and Pei, Baoqi and Chen, Zhe and Li, Zhiqi and Wang, Jiahao and Li, Kunchang and Lu, Tong and Wang, Limin},
  journal={arXiv preprint arXiv:2403.09626},
  year={2024}
}
@article{dosovitskiy2020image,
  title={An image is worth 16x16 words: Transformers for image recognition at scale},
  author={Dosovitskiy, Alexey and Beyer, Lucas and Kolesnikov, Alexander and Weissenborn, Dirk and Zhai, Xiaohua and Unterthiner, Thomas and Dehghani, Mostafa and Minderer, Matthias and Heigold, Georg and Gelly, Sylvain and others},
  journal={arXiv preprint arXiv:2010.11929},
  year={2020}
}
@inproceedings{li2021dual,
  title={Dual-stream multiple instance learning network for whole slide image classification with self-supervised contrastive learning},
  author={Li, Bin and Li, Yin and Eliceiri, Kevin W},
  booktitle={Proceedings of the IEEE/CVF Conference on Computer Vision and Pattern Recognition},
  pages={14318--14328},
  year={2021}
}
@article{shao2021transmil,
  title={Transmil: Transformer based correlated multiple instance learning for whole slide image classification},
  author={Shao, Zhuchen and Bian, Hao and Chen, Yang and Wang, Yifeng and Zhang, Jian and Ji, Xiangyang and others},
  journal={Advances in neural information processing systems},
  volume={34},
  number={1},
  pages={2136--2147},
  year={2021}
}
@inproceedings{tang2024feature,
  title={Feature Re-Embedding: Towards Foundation Model-Level Performance in Computational Pathology},
  author={Tang, Wenhao and Zhou, Fengtao and Huang, Sheng and Zhu, Xiang and Zhang, Yi and Liu, Bo},
  booktitle={Proceedings of the IEEE/CVF Conference on Computer Vision and Pattern Recognition},
  pages={11343--11352},
  year={2024}
}
@article{bejnordi2017diagnostic,
  title={Diagnostic assessment of deep learning algorithms for detection of lymph node metastases in women with breast cancer},
  author={Bejnordi, Babak Ehteshami and Veta, Mitko and Van Diest, Paul Johannes and Van Ginneken, Bram and Karssemeijer, Nico and Litjens, Geert and Van Der Laak, Jeroen AWM and Hermsen, Meyke and Manson, Quirine F and Balkenhol, Maschenka and others},
  journal={Jama},
  volume={318},
  number={22},
  pages={2199--2210},
  year={2017},
  publisher={American Medical Association}
}

@article{bandi2018detection,
  title={From detection of individual metastases to classification of lymph node status at the patient level: the camelyon17 challenge},
  author={Bandi, Peter and Geessink, Oscar and Manson, Quirine and Van Dijk, Marcory and Balkenhol, Maschenka and Hermsen, Meyke and Bejnordi, Babak Ehteshami and Lee, Byungjae and Paeng, Kyunghyun and Zhong, Aoxiao and others},
  journal={IEEE transactions on medical imaging},
  volume={38},
  number={2},
  pages={550--560},
  year={2018},
  publisher={IEEE}
}
@article{brancati2022bracs,
  title={Bracs: A dataset for breast carcinoma subtyping in h&e histology images},
  author={Brancati, Nadia and Anniciello, Anna Maria and Pati, Pushpak and Riccio, Daniel and Scognamiglio, Giosu{\`e} and Jaume, Guillaume and De Pietro, Giuseppe and Di Bonito, Maurizio and Foncubierta, Antonio and Botti, Gerardo and others},
  journal={Database},
  volume={2022},
  pages={baac093},
  year={2022},
  publisher={Oxford University Press UK}
}

@article{yao2020whole,
  title={Whole slide images based cancer survival prediction using attention guided deep multiple instance learning networks},
  author={Yao, Jiawen and Zhu, Xinliang and Jonnagaddala, Jitendra and Hawkins, Nicholas and Huang, Junzhou},
  journal={Medical image analysis},
  volume={65},
  pages={101789},
  year={2020},
  publisher={Elsevier}
}
@inproceedings{chen2021multimodal,
  title={Multimodal co-attention transformer for survival prediction in gigapixel whole slide images},
  author={Chen, Richard J and Lu, Ming Y and Weng, Wei-Hung and Chen, Tiffany Y and Williamson, Drew FK and Manz, Trevor and Shady, Maha and Mahmood, Faisal},
  booktitle={Proceedings of the IEEE/CVF international conference on computer vision},
  pages={4015--4025},
  year={2021}
}

@inproceedings{zhou2023cross,
  title={Cross-modal translation and alignment for survival analysis},
  author={Zhou, Fengtao and Chen, Hao},
  booktitle={Proceedings of the IEEE/CVF International Conference on Computer Vision},
  pages={21485--21494},
  year={2023}
}
@article{wulczyn2020deep,
  title={Deep learning-based survival prediction for multiple cancer types using histopathology images},
  author={Wulczyn, Ellery and Steiner, David F and Xu, Zhaoyang and Sadhwani, Apaar and Wang, Hongwu and Flament-Auvigne, Isabelle and Mermel, Craig H and Chen, Po-Hsuan Cameron and Liu, Yun and Stumpe, Martin C},
  journal={PloS one},
  volume={15},
  number={6},
  pages={e0233678},
  year={2020},
  publisher={Public Library of Science San Francisco, CA USA}
}

@inproceedings{zhu2017wsisa,
  title={Wsisa: Making survival prediction from whole slide histopathological images},
  author={Zhu, Xinliang and Yao, Jiawen and Zhu, Feiyun and Huang, Junzhou},
  booktitle={Proceedings of the IEEE/CVF Conference on Computer Vision and Pattern Recognition},
  pages={7234--7242},
  year={2017}
}

@article{harrell1996multivariable,
  title={Multivariable prognostic models: issues in developing models, evaluating assumptions and adequacy, and measuring and reducing errors},
  author={Harrell Jr, Frank E and Lee, Kerry L and Mark, Daniel B},
  journal={Statistics in medicine},
  volume={15},
  number={4},
  pages={361--387},
  year={1996},
  publisher={Wiley Online Library}
}

@article{DATE20250218001,
author = {  白玉 and     吴昊琦 and     张丽丽 and 国晗林},
title = {SpiralMamba：一种用于高光谱图像分类的轻量级Mamba网络},
journal = {电讯技术},
year = {2025},
volume={15},
number={4},
pages = {1-10},
issn = {1001-893X},
doi = {10.20079/j.issn.1001-893x.241031001}
}    

@article{BJHK20241114002,
author = {  石洋宇 and     谢承杰 and     郑棣文 and 卢树华},
title = {基于Mamba-CNN的多尺度异常行为检测方法},
journal = {北京航空航天大学学报},
year = {2025},
pages = {1-12},
issn = {1001-5965},
doi = {10.13700/j.bh.1001-5965.2024.0416}
}    

@article{ZGGL202412016,
author = {  胡晓伟 and     闫奕昕 and     王大为 and 张宇辉},
title = {基于YOLOM算法的路面病害轻量化检测方法},
journal = {中国公路学报},
volume = {37},
number = {12},
pages = {381-391},
year = {2024},
issn = {1001-7372},
doi = {10.19721/j.cnki.1001-7372.2024.12.016}
}    

@article{GXXB20250212011,
author = {  彭圆圆 and     黎浩洋 and     李文 and 张跃进},
title = {LTDA-Mamba：基于CNN-Mamba混合网络的视网膜血管分割算法},
journal = {光学学报},
volume = {4},
number = {2},
pages = {325-338},
year = {2024},
pages = {1-22},
issn = {0253-2239},
}    

@article{JSGG20240822004,
author = {  崔丽群 and     郝思雅 and 栾五洋},
title = {基于Mamba的轻量级三维点云实例分割算法},
journal = {计算机工程与应用},
pages = {1-10},
issn = {1002-8331},
}    

@article{yao2024spectralmamba,
  title={Spectralmamba: Efficient mamba for hyperspectral image classification},
  author={Yao, Jing and Hong, Danfeng and Li, Chenyu and Chanussot, Jocelyn},
  journal={arXiv preprint arXiv:2404.08489},
  year={2024}
}

@article{chen2024mim,
  title={Mim-istd: Mamba-in-mamba for efficient infrared small target detection},
  author={Chen, Tianxiang and Ye, Zi and Tan, Zhentao and Gong, Tao and Wu, Yue and Chu, Qi and Liu, Bin and Yu, Nenghai and Ye, Jieping},
  journal={IEEE Transactions on Geoscience and Remote Sensing},
  year={2024},
  volume={6},
  number={1},
  pages={361--387},
  publisher={IEEE}
}

@article{zhang2025cdmamba,
  title={CDMamba: Incorporating Local Clues into Mamba for Remote Sensing Image Binary Change Detection},
  author={Zhang, Haotian and Chen, Keyan and Liu, Chenyang and Chen, Hao and Zou, Zhengxia and Shi, Zhenwei},
  journal={IEEE Transactions on Geoscience and Remote Sensing},
  year={2025},
  volume={5},
  number={4},
  pages={361--387},
  publisher={IEEE}
}

@article{li2025selective,
  title={Selective and multi-scale fusion Mamba for medical image segmentation},
  author={Li, Guangju and Huang, Qinghua and Wang, Wei and Liu, Longzhong},
  journal={Expert Systems with Applications},
  volume={261},
  number={2},
  pages={125518},
  year={2025},
  publisher={Elsevier}
}

@article{wu2025h,
  title={H-vmunet: High-order vision mamba unet for medical image segmentation},
  author={Wu, Renkai and Liu, Yinghao and Liang, Pengchen and Chang, Qing},
  journal={Neurocomputing},
  pages={129447},
  year={2025},
  publisher={Elsevier}
}

@article{ROYERCARFAGNI2001253,
title = {Can a moment-curvature relationship describe the flexion of softening beams?},
journal = {European Journal of Mechanics - A/Solids},
volume = {20},
number = {2},
pages = {253-276},
year = {2001},
issn = {0997-7538},
doi = {https://doi.org/10.1016/S0997-7538(00)01128-1},

author = {Gianni Royer-Carfagni},
keywords = {non convex minimization, softening, inflexed beams, moment-curvature relationship},
abstract = {The flexure of a non-linear elastic beam is described through a relationship between the bending moment M and the corresponding curvature χ of the centroid line and neglecting shear deformations. We consider an odd softening M−χ law with horizontal asymptotes M=±M0 for χ→±∞, so that the corresponding strain-energy density U(χ) is an even, non-nonconvex, function with oblique asymptotes. Considering the limit behavior of the total energy functional on sequences converging to singular functions, it is shown that the linear growth at infinity of U(·) is not sufficient to bind the curvature field, i.e., while maintaining the energy a finite value, infinite curvatures may occur at points of the beam. In the example considered, such singularities cannot be of the Cantor type but are represented by Dirac's masses concentrated at isolated points, which are interpreted as localized rotations, similar-in-type to those corresponding to the formation of plastic hinges in the engineering theory of elastic-plastic beams. The equilibrium configurations of the beam are discussed by considering the stationary points of a properly extended energy functional, introduced to take into account the possibility of concentrated rotations. Solutions, in general, are not unique, but unstable, locally-stable and globally-stable equilibrium states are recognized through their correspondence to saddle points, local minima or global minima of the energy functional. In particular, it is demonstrated that the globally stable equilibrium states can be equivalently investigated by introducing an auxiliary minimum problem involving the relaxed energy functional, obtained by replacing U(·) with its lower convex envelope U★★(·) (the corresponding M−χ relationship is similar in type to that of an elastic-perfectly-plastic beam, presenting a plateaux coinciding with the horizontal asymptotes). The possible difficulties derived from having assumed a softening moment-curvature relationship as the only constitutive descriptor of the beam behavior are finally summarized and, as an additional result, a new explanation of Wood and Roberts' paradox is obtained.}
}

@article{chen2024towards,
  title={Towards a general-purpose foundation model for computational pathology},
  author={Chen, Richard J and Ding, Tong and Lu, Ming Y and Williamson, Drew FK and Jaume, Guillaume and Song, Andrew H and Chen, Bowen and Zhang, Andrew and Shao, Daniel and Shaban, Muhammad and others},
  journal={Nature Medicine},
  volume={30},
  number={3},
  pages={850--862},
  year={2024},
  publisher={Nature Publishing Group US New York}
}
@inproceedings{ilse2018attention,
  title={Attention-based deep multiple instance learning},
  author={Ilse, Maximilian and Tomczak, Jakub and Welling, Max},
  booktitle={International conference on machine learning},
  pages={2127--2136},
  year={2018},
  organization={PMLR}
}
@inproceedings{zhang2022dtfd,
  title={Dtfd-mil: Double-tier feature distillation multiple instance learning for histopathology whole slide image classification},
  author={Zhang, Hongrun and Meng, Yanda and Zhao, Yitian and Qiao, Yihong and Yang, Xiaoyun and Coupland, Sarah E and Zheng, Yalin},
  booktitle={Proceedings of the IEEE/CVF conference on computer vision and pattern recognition},
  pages={18802--18812},
  year={2022}
}
@inproceedings{lin2023interventional,
  title={Interventional bag multi-instance learning on whole-slide pathological images},
  author={Lin, Tiancheng and Yu, Zhimiao and Hu, Hongyu and Xu, Yi and Chen, Chang-Wen},
  booktitle={Proceedings of the IEEE/CVF Conference on Computer Vision and Pattern Recognition},
  pages={19830--19839},
  year={2023}
}
@inproceedings{li2024dynamic,
  title={Dynamic Graph Representation with Knowledge-aware Attention for Histopathology Whole Slide Image Analysis},
  author={Li, Jiawen and Chen, Yuxuan and Chu, Hongbo and Sun, Qiehe and Guan, Tian and Han, Anjia and He, Yonghong},
  booktitle={Proceedings of the IEEE/CVF Conference on Computer Vision and Pattern Recognition},
  pages={11323--11332},
  year={2024}
}
@article{dietterich1997solving,
  title={Solving the multiple instance problem with axis-parallel rectangles},
  author={Dietterich, Thomas G and Lathrop, Richard H and Lozano-P{\'e}rez, Tom{\'a}s},
  journal={Artificial intelligence},
  volume={89},
  number={1-2},
  pages={31--71},
  year={1997},
  publisher={Elsevier}
}

@inproceedings{hoffman2015detector,
  title={Detector discovery in the wild: Joint multiple instance and representation learning},
  author={Hoffman, Judy and Pathak, Deepak and Darrell, Trevor and Saenko, Kate},
  booktitle={Proceedings of the IEEE/CVF Conference on Computer Vision and Pattern Recognition},
  pages={2883--2891},
  year={2015}
}

@inproceedings{wu2015deep,
  title={Deep multiple instance learning for image classification and auto-annotation},
  author={Wu, Jiajun and Yu, Yinan and Huang, Chang and Yu, Kai},
  booktitle={Proceedings of the IEEE/CVF Conference on Computer Vision and Pattern Recognition},
  pages={3460--3469},
  year={2015}
}

@mastersthesis{陈钰2016基于,
  title={基于 ELDA 集成的多实例目标检测模型},
  author={陈钰},
  year={2016},
  school={上海交通大学}
}

@inproceedings{tang2018weakly,
  title={Weakly supervised region proposal network and object detection},
  author={Tang, Peng and Wang, Xinggang and Wang, Angtian and Yan, Yongluan and Liu, Wenyu and Huang, Junzhou and Yuille, Alan},
  booktitle={Proceedings of the European conference on computer vision (ECCV)},
  pages={352--368},
  year={2018}
}

@article{唐大伟2014壁画图像分类中的分组多实例学习方法,
  title={壁画图像分类中的分组多实例学习方法},
  author={唐大伟 and 鲁东明 and 许端清 and 杨冰},
  journal={中国图象图形学报},
  volume={19},
  number={5},
  pages={708--715},
  year={2014}
}

@inproceedings{huang2021weakly,
  title={Weakly supervised patch label inference network with image pyramid for pavement diseases recognition in the wild},
  author={Huang, Guixin and Huang, Sheng and Huangfu, Luwen and Yang, Dan},
  booktitle={ICASSP 2021-2021 IEEE International Conference on Acoustics, Speech and Signal Processing (ICASSP)},
  pages={7978--7982},
  year={2021},
  organization={IEEE}
}

@inproceedings{wang2013max,
  title={Max-margin multiple-instance dictionary learning},
  author={Wang, Xinggang and Wang, Baoyuan and Bai, Xiang and Liu, Wenyu and Tu, Zhuowen},
  booktitle={International conference on machine learning},
  pages={846--854},
  year={2013},
  organization={PMLR}
}

@article{cinbis2016weakly,
  title={Weakly supervised object localization with multi-fold multiple instance learning},
  author={Cinbis, Ramazan Gokberk and Verbeek, Jakob and Schmid, Cordelia},
  journal={IEEE transactions on pattern analysis and machine intelligence},
  volume={39},
  number={1},
  pages={189--203},
  year={2016},
  publisher={IEEE}
}

@article{chen2006miles,
  title={MILES: Multiple-instance learning via embedded instance selection},
  author={Chen, Yixin and Bi, Jinbo and Wang, James Ze},
  journal={IEEE transactions on pattern analysis and machine intelligence},
  volume={28},
  number={12},
  pages={1931--1947},
  year={2006},
  publisher={IEEE}
}

@inproceedings{rahmani2006missl,
  title={MISSL: Multiple-instance semi-supervised learning},
  author={Rahmani, Rouhollah and Goldman, Sally A},
  booktitle={Proceedings of the 23rd international conference on Machine learning},
  pages={705--712},
  year={2006}
}

@article{andrews2002support,
  title={Support vector machines for multiple-instance learning},
  author={Andrews, Stuart and Tsochantaridis, Ioannis and Hofmann, Thomas},
  journal={Advances in neural information processing systems},
  volume={15},
  year={2002}
}

@inproceedings{zhou2009multi,
  title={Multi-instance learning by treating instances as non-iid samples},
  author={Zhou, Zhi-Hua and Sun, Yu-Yin and Li, Yu-Feng},
  booktitle={Proceedings of the 26th annual international conference on machine learning},
  pages={1249--1256},
  year={2009}
}

@article{kanavati2020weakly,
  title={Weakly-supervised learning for lung carcinoma classification using deep learning},
  author={Kanavati, Fahdi and Toyokawa, Gouji and Momosaki, Seiya and Rambeau, Michael and Kozuma, Yuka and Shoji, Fumihiro and Yamazaki, Koji and Takeo, Sadanori and Iizuka, Osamu and Tsuneki, Masayuki},
  journal={Scientific reports},
  volume={10},
  number={1},
  pages={9297},
  year={2020},
  publisher={Nature Publishing Group UK London}
}

@inproceedings{chikontwe2020multiple,
  title={Multiple instance learning with center embeddings for histopathology classification},
  author={Chikontwe, Philip and Kim, Meejeong and Nam, Soo Jeong and Go, Heounjeong and Park, Sang Hyun},
  booktitle={Medical Image Computing and Computer Assisted Intervention--MICCAI 2020: 23rd International Conference, Lima, Peru, October 4--8, 2020, Proceedings, Part V 23},
  pages={519--528},
  year={2020},
  organization={Springer}
}


@article{hamilton1994state,
  title={State-space models},
  author={Hamilton, James D},
  journal={Handbook of econometrics},
  volume={4},
  number={1},
  pages={3039--3080},
  year={1994},
  publisher={Elsevier}
}

@inproceedings{zhu2024dgr,
  title={DGR-MIL: Exploring Diverse Global Representation in Multiple Instance Learning for Whole Slide Image Classification},
  author={Zhu, Wenhui and Chen, Xiwen and Qiu, Peijie and Sotiras, Aristeidis and Razi, Abolfazl and Wang, Yalin},
  booktitle={European Conference on Computer Vision},
  pages={333--351},
  year={2024},
  organization={Springer}
}

@article{xu2014weakly,
  title={Weakly supervised histopathology cancer image segmentation and classification},
  author={Xu, Yan and Zhu, Jun-Yan and Eric, I and Chang, Chao and Lai, Maode and Tu, Zhuowen},
  journal={Medical image analysis},
  volume={18},
  number={3},
  pages={591--604},
  year={2014},
  publisher={Elsevier}
}
@inproceedings{xu2019camel,
  title={Camel: A weakly supervised learning framework for histopathology image segmentation},
  author={Xu, Gang and Song, Zhigang and Sun, Zhuo and Ku, Calvin and Yang, Zhe and Liu, Cancheng and Wang, Shuhao and Ma, Jianpeng and Xu, Wei},
  booktitle={Proceedings of the IEEE/CVF International Conference on computer vision},
  pages={10682--10691},
  year={2019}
}
@article{campanella2019clinical,
  title={Clinical-grade computational pathology using weakly supervised deep learning on whole slide images},
  author={Campanella, Gabriele and Hanna, Matthew G and Geneslaw, Luke and Miraflor, Allen and Werneck Krauss Silva, Vitor and Busam, Klaus J and Brogi, Edi and Reuter, Victor E and Klimstra, David S and Fuchs, Thomas J},
  journal={Nature medicine},
  volume={25},
  number={8},
  pages={1301--1309},
  year={2019},
  publisher={Nature Publishing Group US New York}
}
@inproceedings{feng2017deep,
  title={Deep MIML network},
  author={Feng, Ji and Zhou, Zhi-Hua},
  booktitle={Proceedings of the AAAI conference on artificial intelligence},
  volume={31},
  year={2017}
}
@inproceedings{hou2016patch,
  title={Patch-based convolutional neural network for whole slide tissue image classification},
  author={Hou, Le and Samaras, Dimitris and Kurc, Tahsin M and Gao, Yi and Davis, James E and Saltz, Joel H},
  booktitle={Proceedings of the IEEE/CVF Conference on Computer Vision and Pattern Recognition},
  pages={2424--2433},
  year={2016}
}
@article{chikontwe2021dual,
  title={Dual attention multiple instance learning with unsupervised complementary loss for COVID-19 screening},
  author={Chikontwe, Philip and Luna, Miguel and Kang, Myeongkyun and Hong, Kyung Soo and Ahn, June Hong and Park, Sang Hyun},
  journal={Medical Image Analysis},
  volume={72},
  pages={102105},
  year={2021},
  publisher={Elsevier}
}
@inproceedings{wu2021combining,
  title={Combining attention-based multiple instance learning and Gaussian processes for CT hemorrhage detection},
  author={Wu, Yunan and Schmidt, Arne and Hern{\'a}ndez-S{\'a}nchez, Enrique and Molina, Rafael and Katsaggelos, Aggelos K},
  booktitle={International Conference on Medical Image Computing and Computer-Assisted Intervention},
  pages={582--591},
  year={2021},
  organization={Springer}
}
@inproceedings{hashimoto2020multi,
  title={Multi-scale domain-adversarial multiple-instance CNN for cancer subtype classification with unannotated histopathological images},
  author={Hashimoto, Noriaki and Fukushima, Daisuke and Koga, Ryoichi and Takagi, Yusuke and Ko, Kaho and Kohno, Kei and Nakaguro, Masato and Nakamura, Shigeo and Hontani, Hidekata and Takeuchi, Ichiro},
  booktitle={Proceedings of the IEEE/CVF Conference on Computer Vision and Pattern Recognition},
  pages={3852--3861},
  year={2020}
}
@inproceedings{zhang2022dual,
  title={Dual Space Multiple Instance Representative Learning for Medical Image Classification.},
  author={Zhang, Xiaoxian and Huang, Sheng and Zhang, Yi and Zhang, Xiaohong and Gao, Mingchen and Liu, Chen},
  booktitle={BMVC},
  pages={768},
  year={2022}
}
@article{gu2023mamba,
  title={Mamba: Linear-time sequence modeling with selective state spaces},
  author={Gu, Albert and Dao, Tri},
  journal={arXiv preprint arXiv:2312.00752},
  year={2023}
}
@article{vaswani2017attention,
  title={Attention is all you need},
  author={Vaswani, Ashish and Shazeer, Noam and Parmar, Niki and Uszkoreit, Jakob and Jones, Llion and Gomez, Aidan N and Kaiser, {\L}ukasz and Polosukhin, Illia},
  journal={Advances in neural information processing systems},
  volume={30},
  year={2017}
}

@article{kalman1960new,
  title={A new approach to linear filtering and prediction problems},
  author={Kalman, Rudolph Emil},
  journal   = {Journal of Basic Engineering},
  year      = {1960},
  volume    = {82},
  number    = {1},
  pages     = {35--45},
  month     = mar,
  publisher = {American Society of Mechanical Engineers},
}

@article{liu2024vmamba,
  title={VMamba: Visual State Space Model},
  author={Liu, Yue and Tian, Yunjie and Zhao, Yuzhong and Yu, Hongtian and Xie, Lingxi and Wang, Yaowei and Ye, Qixiang and Liu, Yunfan},
  journal={arXiv preprint arXiv:2401.10166},
  year={2024}
}
@inproceedings{deng2009imagenet,
  title={Imagenet: A large-scale hierarchical image database},
  author={Deng, Jia and Dong, Wei and Socher, Richard and Li, Li-Jia and Li, Kai and Fei-Fei, Li},
  booktitle={Proceedings of the IEEE/CVF Conference on Computer Vision and Pattern Recognition},
  pages={248--255},
  year={2009},
  organization={Ieee}
}
@article{kingma2014adam,
  title={Adam: a method for stochastic optimization},
  author={Kingma, DP},
  journal={arXiv preprint arXiv:1412.6980},
  year={2014}
}

@inproceedings{xiong2021nystromformer,
  title={Nystr{\"o}mformer: A nystr{\"o}m-based algorithm for approximating self-attention},
  author={Xiong, Yunyang and Zeng, Zhanpeng and Chakraborty, Rudrasis and Tan, Mingxing and Fung, Glenn and Li, Yin and Singh, Vikas},
  booktitle={Proceedings of the AAAI Conference on Artificial Intelligence},
  volume={35},
  number={16},
  pages={14138--14148},
  year={2021}
}
@inproceedings{song2024morphological,
  title={Morphological prototyping for unsupervised slide representation learning in computational pathology},
  author={Song, Andrew H and Chen, Richard J and Ding, Tong and Williamson, Drew FK and Jaume, Guillaume and Mahmood, Faisal},
  booktitle={Proceedings of the IEEE/CVF Conference on Computer Vision and Pattern Recognition},
  pages={11566--11578},
  year={2024}
}